@techreport{rfc2246,
  SHORTHAND = {RFC2246},
  AUTHOR = {T. Dierks and C. Allen},
  TITLE = {The TLS Protocol Version 1.0},
  HOWPUBLISHED = {Internet Requests for Comments},
  TYPE = {RFC},
  NUMBER = 2246,
  YEAR = {1999},
  MONTH = {Januar},
  PUBLISHER = {IETF},
  INSTITUTION = {IETF},
  URL = {https://tools.ietf.org/html/rfc2246},
  ISSN = {2070-1721}
}

@techreport{rfc4346,
  SHORTHAND = {RFC4346},
  AUTHOR = {T. Dierks and E. Rescorla},
  TITLE = {The Transport Layer Security (TLS) Protocol Version 1.1},
  HOWPUBLISHED = {Internet Requests for Comments},
  TYPE = {RFC},
  NUMBER = 4346,
  YEAR = {2006},
  MONTH = {April},
  PUBLISHER = {IETF},
  INSTITUTION = {IETF},
  URL = {https://tools.ietf.org/html/rfc4346},
  ISSN = {2070-1721}
}

@techreport{rfc5246,
  SHORTHAND = {RFC5246},
  AUTHOR = {T. Dierks and E. Rescorla},
  TITLE = {The Transport Layer Security (TLS) Protocol Version 1.2},
  HOWPUBLISHED = {Internet Requests for Comments},
  TYPE = {RFC},
  NUMBER = 5246,
  YEAR = {2008},
  MONTH = {August},
  PUBLISHER = {IETF},
  INSTITUTION = {IETF},
  URL = {https://tools.ietf.org/html/rfc5246},
  ISSN = {2070-1721}
}

@techreport{rfc6347,
  SHORTHAND = {RFC6347},
  AUTHOR = {N. Modadugu and E. Rescorla},
  TITLE = {Datagram Transport Layer Security Version 1.2},
  HOWPUBLISHED = {Internet Requests for Comments},
  TYPE = {RFC},
  NUMBER = 6347,
  YEAR = {2012},
  MONTH = {January},
  PUBLISHER = {IETF},
  INSTITUTION = {IETF},
  URL = {https://tools.ietf.org/html/rfc6347},
  ISSN = {2070-1721}
}

@techreport{ianatlsparameters,
  author = {{Internet Assigned Numbers Authority}},
  title = {Transport Layer Security (TLS) Parameters},
  year = {2014},
  url = {http://www.iana.org/assignments/tls-parameters/tls-parameters.xhtml}
}

@book{ferguson2010cryptography,
  author = {Niels Ferguson and Bruce Schneier and Tadayoshi Kohno},
  title = {Cryptography Engineering: Design Principles and Practical Applications},
  publisher = {Wiley Pub., Inc},
  year = {2010},
  address = {Indianapolis, IN},
  isbn = {978-0470474242}
}

@book{ristic2014bulletproof,
  author = {Ivan Ristic},
  title = {Bulletproof SSL and TLS: Bulletproof SSL and TLS: Understanding and Deploying SSL/TLS and PKI to Secure Servers and Web Applications},
  publisher = {Feisty Duck},
  year = {2014},
  address = {London},
  isbn = {978-1907117046}
}
